@Article{viechtbauerConductingMetaanalysesMetafor2010,
  title = {Conducting Meta-Analyses in {{R}} with the {{metafor}} Package},
  volume = {36},
  number = {3},
  journal = {Journal of Statistical Software},
  author = {Wolfgang Viechtbauer},
  year = {2010},
  pages = {1-48},
}
@Misc{wickham_tidyverse_2017,
  title = {Tidyverse: {{Easily Install}} and {{Load}} the '{{Tidyverse}}'},
  author = {Hadley Wickham},
  year = {2017},
}
@Article{pinheiroDdimerPreeclampsiaSystematic2012,
  title = {D-Dimer in Preeclampsia: {{Systematic}} Review and Meta-Analysis},
  volume = {414},
  issn = {0009-8981},
  shorttitle = {D-Dimer in Preeclampsia},
  language = {en},
  journal = {Clinica Chimica Acta},
  doi = {10.1016/j.cca.2012.08.003},
  author = {Melina de Barros Pinheiro and Daniela Rezende Garcia Junqueira and Fernanda Fonseca Coelho and Let\'icia G. Freitas and Maria G. Carvalho and Karina Braga Gomes and Luci Maria Santana Dusse},
  month = {dec},
  year = {2012},
  keywords = {Meta-analysis,Systematic review,D-dimer,Diagnosis,Preeclampsia},
  pages = {166-170},
  file = {/home/cantabile/Zotero/storage/B8RUI6V5/Pinheiro et al. - 2012 - D-dimer in preeclampsia Systematic review and met.pdf;/home/cantabile/Zotero/storage/6WD3356V/S0009898112004007.html},
}
@Article{hozoEstimatingMeanVariance2005,
  title = {Estimating the Mean and Variance from the Median, Range, and the Size of a Sample},
  volume = {5},
  issn = {1471-2288},
  number = {1},
  journal = {BMC Medical Research Methodology},
  doi = {10.1186/1471-2288-5-13},
  author = {Stela Pudar Hozo and Benjamin Djulbegovic and Iztok Hozo},
  month = {apr},
  year = {2005},
  pages = {13},
  file = {/home/cantabile/Zotero/storage/B7836IKR/Hozo et al. - 2005 - Estimating the mean and variance from the median, .pdf;/home/cantabile/Zotero/storage/YNCAHMGX/1471-2288-5-13.html},
}
@Article{blandEstimatingMeanStandard2014,
  title = {Estimating {{Mean}} and {{Standard Deviation}} from the {{Sample Size}}, {{Three Quartiles}}, {{Minimum}}, and {{Maximum}}},
  volume = {4},
  copyright = {Policy for Journals/Articles with Open Access Authors who publish with this journal agree to the following terms:    Authors retain copyright and grant the journal right of first publication with the work simultaneously licensed under a  Creative Commons Attribution License  that allows others to share the work with an acknowledgement of the work's authorship and initial publication in this journal.      Authors are permitted and encouraged to post links to their work online (e.g., in institutional repositories or on their website) prior to and during the submission process, as it can lead to productive exchanges, as well as earlier and greater citation of published work   Policy for Journals / Manuscript with Paid Access Authors who publish with this journal agree to the following terms:    Publisher retain copyright .      Authors are permitted and encouraged to post links to their work online (e.g., in institutional repositories or on their website) prior to and during the submission process, as it can lead to productive exchanges, as well as earlier and greater citation of published work},
  issn = {1929-6029},
  language = {en},
  number = {1},
  journal = {International Journal of Statistics in Medical Research},
  author = {Martin Bland},
  month = {jan},
  year = {2014},
  keywords = {maximum,mean,minimum,Quartile,standard deviation,systematic review.},
  pages = {57-64-64},
  file = {/home/cantabile/Zotero/storage/7MAYR6VB/Bland - 2014 - Estimating Mean and Standard Deviation from the Sa.pdf;/home/cantabile/Zotero/storage/9MEFFXXJ/2688.html},
}
@Article{wanEstimatingSampleMean2014,
  title = {Estimating the Sample Mean and Standard Deviation from the Sample Size, Median, Range and/or Interquartile Range},
  volume = {14},
  issn = {1471-2288},
  number = {1},
  journal = {BMC Medical Research Methodology},
  doi = {10.1186/1471-2288-14-135},
  author = {Xiang Wan and Wenqian Wang and Jiming Liu and Tiejun Tong},
  month = {dec},
  year = {2014},
  pages = {135},
  file = {/home/cantabile/Zotero/storage/R77KA9KM/Wan et al. - 2014 - Estimating the sample mean and standard deviation .pdf;/home/cantabile/Zotero/storage/7S3KY3BN/1471-2288-14-135.html},
}
