@article{viechtbauerConductingMetaanalysesMetafor2010,
  title = {Conducting Meta-Analyses in {{R}} with the {{metafor}} Package},
  volume = {36},
  number = {3},
  journal = {Journal of Statistical Software},
  author = {Viechtbauer, Wolfgang},
  year = {2010},
  pages = {1-48}
}
