
@article{blandEstimatingMeanStandard2014,
  title = {Estimating {{Mean}} and {{Standard Deviation}} from the {{Sample Size}}, {{Three Quartiles}}, {{Minimum}}, and {{Maximum}}},
  volume = {4},
  copyright = {Policy for Journals/Articles with Open Access Authors who publish with this journal agree to the following terms:    Authors retain copyright and grant the journal right of first publication with the work simultaneously licensed under a  Creative Commons Attribution License  that allows others to share the work with an acknowledgement of the work's authorship and initial publication in this journal.      Authors are permitted and encouraged to post links to their work online (e.g., in institutional repositories or on their website) prior to and during the submission process, as it can lead to productive exchanges, as well as earlier and greater citation of published work   Policy for Journals / Manuscript with Paid Access Authors who publish with this journal agree to the following terms:    Publisher retain copyright .      Authors are permitted and encouraged to post links to their work online (e.g., in institutional repositories or on their website) prior to and during the submission process, as it can lead to productive exchanges, as well as earlier and greater citation of published work},
  issn = {1929-6029},
  language = {en},
  number = {1},
  journal = {International Journal of Statistics in Medical Research},
  author = {Bland, Martin},
  month = jan,
  year = {2014},
  keywords = {maximum,mean,minimum,Quartile,standard deviation,systematic review.},
  pages = {57-64-64},
  file = {/home/cantabile/Zotero/storage/7MAYR6VB/Bland - 2014 - Estimating Mean and Standard Deviation from the Sa.pdf;/home/cantabile/Zotero/storage/9MEFFXXJ/2688.html}
}


@article{grayTruthProofReproducibility2019,
  archivePrefix = {arXiv},
  eprinttype = {arxiv},
  eprint = {1907.05947},
  primaryClass = {math},
  title = {Truth, {{Proof}}, and {{Reproducibility}}: {{There}}'s No Counter-Attack for the Codeless},
  copyright = {All rights reserved},
  shorttitle = {Truth, {{Proof}}, and {{Reproducibility}}},
  journal = {arXiv:1907.05947 [math]},
  author = {Gray, Charles T. and Marwick, Ben},
  month = jul,
  year = {2019},
  keywords = {06-06,Mathematics - History and Overview},
  file = {/home/cantabile/Zotero/storage/3Y65QUBV/Gray and Marwick - 2019 - Truth, Proof, and Reproducibility There's no coun.pdf;/home/cantabile/Zotero/storage/W9WPV9F9/1907.html}
}


@article{gray2019textttcodeproof,
  archivePrefix = {arXiv},
  eprinttype = {arxiv},
  eprint = {1910.06964},
  primaryClass = {stat.OT},
  title = {Code::Proof: {{Prepare}} for Most Weather Conditions},
  author = {Gray, Charles T.},
  year = {2019}
}


@article{viechtbauerConductingMetaanalysesMetafor2010,
  title = {Conducting Meta-Analyses in {{R}} with the {{metafor}} Package},
  volume = {36},
  number = {3},
  journal = {Journal of Statistical Software},
  author = {Viechtbauer, Wolfgang},
  year = {2010},
  pages = {1-48}
}
