@article{blandEstimatingMeanStandard2014,
  title = {Estimating {{Mean}} and {{Standard Deviation}} from the {{Sample Size}}, {{Three Quartiles}}, {{Minimum}}, and {{Maximum}}},
  volume = {4},
  copyright = {Policy for Journals/Articles with Open Access Authors who publish with this journal agree to the following terms:    Authors retain copyright and grant the journal right of first publication with the work simultaneously licensed under a  Creative Commons Attribution License  that allows others to share the work with an acknowledgement of the work's authorship and initial publication in this journal.      Authors are permitted and encouraged to post links to their work online (e.g., in institutional repositories or on their website) prior to and during the submission process, as it can lead to productive exchanges, as well as earlier and greater citation of published work   Policy for Journals / Manuscript with Paid Access Authors who publish with this journal agree to the following terms:    Publisher retain copyright .      Authors are permitted and encouraged to post links to their work online (e.g., in institutional repositories or on their website) prior to and during the submission process, as it can lead to productive exchanges, as well as earlier and greater citation of published work},
  issn = {1929-6029},
  language = {en},
  number = {1},
  journal = {International Journal of Statistics in Medical Research},
  author = {Bland, Martin},
  month = jan,
  year = {2014},
  keywords = {maximum,mean,minimum,Quartile,standard deviation,systematic review.},
  pages = {57-64-64},
  file = {/home/cantabile/Zotero/storage/7MAYR6VB/Bland - 2014 - Estimating Mean and Standard Deviation from the Sa.pdf;/home/cantabile/Zotero/storage/9MEFFXXJ/2688.html}
}

@article{grayTruthProofReproducibility2019,
  archivePrefix = {arXiv},
  eprinttype = {arxiv},
  eprint = {1907.05947},
  primaryClass = {math},
  title = {Truth, {{Proof}}, and {{Reproducibility}}: {{There}}'s No Counter-Attack for the Codeless},
  copyright = {All rights reserved},
  shorttitle = {Truth, {{Proof}}, and {{Reproducibility}}},
  journal = {arXiv:1907.05947 [math]},
  author = {Gray, Charles T. and Marwick, Ben},
  month = jul,
  year = {2019},
  keywords = {06-06,Mathematics - History and Overview},
  file = {/home/cantabile/Zotero/storage/3Y65QUBV/Gray and Marwick - 2019 - Truth, Proof, and Reproducibility There's no coun.pdf;/home/cantabile/Zotero/storage/W9WPV9F9/1907.html}
}

@article{gray2019textttcodeproof,
  archivePrefix = {arXiv},
  eprinttype = {arxiv},
  eprint = {1910.06964},
  primaryClass = {stat.OT},
  title = {Code::Proof: {{Prepare}} for Most Weather Conditions},
  author = {Gray, Charles T.},
  year = {2019}
}

@article{viechtbauerConductingMetaanalysesMetafor2010,
  title = {Conducting Meta-Analyses in {{R}} with the {{metafor}} Package},
  volume = {36},
  number = {3},
  journal = {Journal of Statistical Software},
  author = {Viechtbauer, Wolfgang},
  year = {2010},
  pages = {1-48}
}

@article{pinheiroDdimerPreeclampsiaSystematic2012,
  title = {D-Dimer in Preeclampsia: {{Systematic}} Review and Meta-Analysis},
  volume = {414},
  issn = {0009-8981},
  shorttitle = {D-Dimer in Preeclampsia},
  language = {en},
  journal = {Clinica Chimica Acta},
  doi = {10.1016/j.cca.2012.08.003},
  author = {Pinheiro, Melina de Barros and Junqueira, Daniela Rezende Garcia and Coelho, Fernanda Fonseca and Freitas, Let{\'i}cia G. and Carvalho, Maria G. and Gomes, Karina Braga and Dusse, Luci Maria Santana},
  month = dec,
  year = {2012},
  keywords = {D-dimer,Diagnosis,Meta-analysis,Preeclampsia,Systematic review},
  pages = {166-170},
  file = {/home/cantabile/Zotero/storage/B8RUI6V5/Pinheiro et al. - 2012 - D-dimer in preeclampsia Systematic review and met.pdf;/home/cantabile/Zotero/storage/6WD3356V/S0009898112004007.html}
}

@article{hozoEstimatingMeanVariance2005,
  title = {Estimating the Mean and Variance from the Median, Range, and the Size of a Sample},
  volume = {5},
  issn = {1471-2288},
  number = {1},
  journal = {BMC Medical Research Methodology},
  doi = {10.1186/1471-2288-5-13},
  author = {Hozo, Stela Pudar and Djulbegovic, Benjamin and Hozo, Iztok},
  month = apr,
  year = {2005},
  pages = {13},
  file = {/home/cantabile/Zotero/storage/B7836IKR/Hozo et al. - 2005 - Estimating the mean and variance from the median, .pdf;/home/cantabile/Zotero/storage/YNCAHMGX/1471-2288-5-13.html}
}

@article{wanEstimatingSampleMean2014,
  title = {Estimating the Sample Mean and Standard Deviation from the Sample Size, Median, Range and/or Interquartile Range},
  volume = {14},
  issn = {1471-2288},
  number = {1},
  journal = {BMC Medical Research Methodology},
  doi = {10.1186/1471-2288-14-135},
  author = {Wan, Xiang and Wang, Wenqian and Liu, Jiming and Tong, Tiejun},
  month = dec,
  year = {2014},
  pages = {135},
  file = {/home/cantabile/Zotero/storage/R77KA9KM/Wan et al. - 2014 - Estimating the sample mean and standard deviation .pdf;/home/cantabile/Zotero/storage/7S3KY3BN/1471-2288-14-135.html}
}

@book{dasgupta2008asymptotic,
  title={Asymptotic theory of statistics and probability},
  author={DasGupta, Anirban},
  year={2008},
  publisher={Springer Science \& Business Media}
}

@article{shi2018estimate,
  title = {How to Estimate the Sample Mean and Standard Deviation from the Five Number Summary?},
  journal = {arXiv preprint arXiv:1801.01267},
  author = {Shi, Jiandong and Luo, Dehui and Weng, Hong and Zeng, Xian-Tao and Lin, Lu and Tong, Tiejun},
  year = {2018}
}
